<record><leader>00000cas a22000007a 4500</leader><controlfield tag="001">17278060</controlfield><controlfield tag="008">871222d18921923ohuwr ne      0    0eng d</controlfield><datafield ind1=" " ind2=" " tag="010"><subfield code="a">sn 87076980 </subfield></datafield><datafield ind1=" " ind2=" " tag="040"><subfield code="a">ONP</subfield><subfield code="b">eng</subfield><subfield code="c">ONP</subfield><subfield code="d">OCLCQ</subfield></datafield><datafield ind1=" " ind2=" " tag="042"><subfield code="a">msc</subfield></datafield><datafield ind1="0" ind2=" " tag="130"><subfield code="a">Weekly tribune (Greenville, Ohio)</subfield></datafield><datafield ind1="1" ind2="0" tag="245"><subfield code="a">Weekly tribune.</subfield></datafield><datafield ind1=" " ind2=" " tag="260"><subfield code="a">Greenville, Ohio :</subfield><subfield code="b">Groshans Bros.</subfield></datafield><datafield ind1=" " ind2=" " tag="310"><subfield code="a">Weekly</subfield></datafield><datafield ind1="1" ind2=" " tag="362"><subfield code="a">Began in 1892; ceased in 1923?</subfield></datafield><datafield ind1=" " ind2=" " tag="580"><subfield code="a">Daily eds.: Greenville daily tribune (Greenville, Ohio : 1890), Daily tribune (Greenville, Ohio : 1896), and Greenville daily tribune (Greenville, Ohio : 1913).</subfield></datafield><datafield ind1=" " ind2=" " tag="588"><subfield code="a">Description based on: July 2, 1913.</subfield></datafield><datafield ind1=" " ind2=" " tag="752"><subfield code="a">United States</subfield><subfield code="b">Ohio</subfield><subfield code="c">Darke</subfield><subfield code="d">Greenville.</subfield></datafield><datafield ind1="1" ind2=" " tag="775"><subfield code="t">Greenville daily tribune (Greenville, Ohio : 1890)</subfield><subfield code="w">(DLC)sn 83035567</subfield></datafield><datafield ind1="1" ind2=" " tag="775"><subfield code="t">Daily tribune (Greenville, Ohio : 1896)</subfield><subfield code="w">(DLC)sn 83035568</subfield></datafield><datafield ind1="1" ind2=" " tag="775"><subfield code="t">Greenville daily tribune (Greenville, Ohio : 1913)</subfield><subfield code="w">(DLC)sn 87076983</subfield></datafield></record>